@inproceedings{Butz2000,
	title={{An Algorithmic Description of XCS}},
	author={Butz, Martin V and Wilson, Stewart W},
	booktitle={International Workshop on Learning Classifier Systems},
	pages={253--272},
	year={2000},
	organization={Springer}
}

@article{Sowden2007,
	title={{Investigating the Learning Classifier Systems XCSR and XCSF}},
	author={Sowden, Daniel},
	year={2007},
	url={http://www.cs.bath.ac.uk/~mdv/courses/CM30082/projects.bho/2006-7/Sowden-DJ-dissertation-2006-7.pdf}
}

@inproceedings{Wilson2000,
	author = {Stewart W. Wilson},
	title = {Get Real! XCS with Continuous-Valued Inputs},
	booktitle = {Learning Classifier Systems: From Foundations to Applications},
	year = {2000},
	pages = {209--219},
	publisher = {Springer-Verlag}
}

@article{Stone2003,
	title={{For real! XCS with continuous-valued inputs}},
	author={Stone, Christopher and Bull, Larry},
	journal={Evolutionary Computation},
	volume={11},
	number={3},
	pages={299--336},
	year={2003},
	publisher={MIT Press}
}

@article{Urbanowicz2009,
	title={{Learning Classifier Systems: A Complete Introduction, Review, and Roadmap}},
	author={Urbanowicz, Ryan J and Moore, Jason H},
	journal={Journal of Artificial Evolution and Applications},
	volume={2009},
	pages={1--25},
	year={2009},
	publisher={Hindawi Publishing Corp.}
}

# Dataset for DCASE 2017
@inproceedings{Mesaros2016,
	author = {{Mesaros, Annamaria and Heittola, Toni and Virtanen, Tuomas}},
	title = {{TUT Database for Acoustic Scene Classification and Sound Event Detection}},
	year = {2016},
	booktitle = {24th European Signal Processing Conference 2016 (EUSIPCO 2016)},
}

# 2017 Challenge Technical Paper
@inproceedings{Mesaros2017,
	author={{Mesaros, Annamaria and Heittola, Toni and Dimint, Aleksandr and Elizalde, Benjamin and Shah, Ankit and Vincent, Emmanuel and Raj, Bhiksha and Virtanen, Tuomas}},
	title={{DCASE} 2017 Challenge Setup: Tasks, Datasets and Baseline System},
	booktitle={Detection and Classification of Acoustic Scenes and Events},
	year={2017},
}

@article{Barchiesi2015,
	title={Acoustic scene classification: Classifying environments from the sounds they produce},
	author={Barchiesi, Daniele and Giannoulis, Dimitrios and Stowell, Dan and Plumbley, Mark D},
	journal={IEEE Signal Processing Magazine},
	volume={32},
	number={3},
	pages={16--34},
	year={2015},
	publisher={IEEE}
}

@incollection{Butz2015,
	title = {Learning Classifier Systems},
	author = {Butz, Martin V.},
	year = {2015},
	booktitle = {Springer Handbook of Computational Intelligence},
	publisher = {Springer},
	pages = {961--981},
	editors = {Kacprzyk, Janusz and	Pedrycz, Witold},
	doi = {10.1007/978-3-662-43505-2_47},
}

@online{Brownlee2014,
	title={{How to Engineer Features and How to Get Good at It}},
	author={Brownlee, Jason},
	year={2014},
	url={https://machinelearningmastery.com/discover-feature-engineering-how-to-engineer-features-and-how-to-get-good-at-it/}
}

@online{Howbert2012,
	title={{Machine Learning Feature Creation and Selection}},
	author={Brownlee, Jason},
	year={2012},
	url={https://courses.washington.edu/css490/2012.Winter/lecture_slides/05a_feature_creation_selection.pdf}
}

@inreference{Keogh2010,
	title={Curse of Dimensionality},
	author={Keogh, Eamonn and Mueen Abdullah},
	Booktitle={Encyclopedia of Machine Learning},
	year={2010}
}

@book{OShaughnessy1987,
	title={Speech communication: human and machine},
    Author={O'Shaughnessy, Douglas},
    year={1987},
    publisher={Addison-Wesley}
}

@online{Heittola2017,
	title={{Machine Learning Feature Creation and Selection}},
	author={Heittola, Toni and Diment, Aleksandr and Mesaros, Annamaria},
	year={2017},
	url={https://tut-arg.github.io/DCASE2017-baseline-system/index.html}
}

@article{Stowell2014,
	title={Automatic large-scale classification of bird sounds is strongly improved by unsupervised feature learning},
	author={Stowell, Dan and Plumbley, Mark D.},
	school={Queen Mary University of London, Centre for Digital Music},
	year={2014}
}

@book{Luening1975,
	title={The Development and Practice of Electronic Music},
    Author={Luening, Otto and Slawson, A. Wayne and Ciamaga, Gustav and Chadabe, Joel and E. Rogers, John and Mummam, Gordon and H. Appleton, Jon},
    year={1975},
    publisher={Prentice-Hall}
}